<record><leader>01548tmi a2200361a  4500</leader><controlfield tag="001">102548267</controlfield><controlfield tag="003">MiAaHDL</controlfield><controlfield tag="005">20190211000000.0</controlfield><controlfield tag="006">m        d        </controlfield><controlfield tag="007">cr bn ---auaua</controlfield><controlfield tag="008">030617s2002   xx a          0      ng dn</controlfield><datafield tag="035" ind1=" " ind2=" "><subfield code="a">sdr-msu.b40112494</subfield></datafield><datafield tag="035" ind1=" " ind2=" "><subfield code="a">52445449</subfield></datafield><datafield tag="040" ind1=" " ind2=" "><subfield code="a">EEM</subfield><subfield code="c">EEM</subfield><subfield code="d">UtOrBLW</subfield></datafield><datafield tag="049" ind1=" " ind2=" "><subfield code="a">EEMT</subfield></datafield><datafield tag="099" ind1=" " ind2=" "><subfield code="a">136 344 THS</subfield></datafield><datafield tag="035" ind1=" " ind2=" "><subfield code="a">(OCoLC)52445449</subfield></datafield><datafield tag="100" ind1="1" ind2=" "><subfield code="a">Bell, Bradford S.</subfield></datafield><datafield tag="245" ind1="1" ind2="3"><subfield code="a">An examination of the instructional, motivational, and emotional elements of error training /</subfield><subfield code="c">by Bradford S. Bell.</subfield></datafield><datafield tag="260" ind1=" " ind2=" "><subfield code="c">2002.</subfield></datafield><datafield tag="300" ind1=" " ind2=" "><subfield code="a">2 volumes :</subfield><subfield code="b">illustrations ;</subfield><subfield code="c">29 cm</subfield></datafield><datafield tag="336" ind1=" " ind2=" "><subfield code="a">computer program</subfield><subfield code="b">cop</subfield><subfield code="2">rdacontent</subfield></datafield><datafield tag="337" ind1=" " ind2=" "><subfield code="a">computer</subfield><subfield code="b">c</subfield><subfield code="2">rdamedia</subfield></datafield><datafield tag="338" ind1=" " ind2=" "><subfield code="a">unspecified</subfield><subfield code="b">zu</subfield><subfield code="2">rdacarrier</subfield></datafield><datafield tag="500" ind1=" " ind2=" "><subfield code="a">Electronic resource.</subfield></datafield><datafield tag="502" ind1=" " ind2=" "><subfield code="g">Thesis</subfield><subfield code="b">Ph. D.</subfield><subfield code="c">Michigan State University. Department of Psychology</subfield><subfield code="d">2002.</subfield></datafield><datafield tag="504" ind1=" " ind2=" "><subfield code="a">Includes bibliographical references (leaves 349-370).</subfield></datafield><datafield tag="530" ind1=" " ind2=" "><subfield code="a">Also available as microform.</subfield></datafield><datafield tag="538" ind1=" " ind2=" "><subfield code="a">Mode of access: Internet.</subfield></datafield><datafield tag="650" ind1=" " ind2="0"><subfield code="a">Motivation (Psychology)</subfield><subfield code="0">http://id.loc.gov/authorities/subjects/sh85087562</subfield></datafield><datafield tag="650" ind1=" " ind2="0"><subfield code="a">Transfer of training.</subfield><subfield code="0">http://id.loc.gov/authorities/subjects/sh85136907</subfield></datafield><datafield tag="650" ind1=" " ind2="0"><subfield code="a">Training</subfield><subfield code="x">Psychological aspects.</subfield><subfield code="0">http://id.loc.gov/authorities/subjects/sh97006179</subfield></datafield><datafield tag="650" ind1=" " ind2="0"><subfield code="a">Learning, Psychology of.</subfield><subfield code="0">http://id.loc.gov/authorities/subjects/sh85075526</subfield></datafield><datafield tag="866" ind1=" " ind2="0"><subfield code="a">v.1-v.2</subfield></datafield><datafield tag="CID" ind1=" " ind2=" "><subfield code="a">102548267</subfield></datafield><datafield tag="DAT" ind1="0" ind2=" "><subfield code="a">20160609085040.0</subfield><subfield code="b">20190211000000.0</subfield></datafield><datafield tag="DAT" ind1="1" ind2=" "><subfield code="a">20190212091422.0</subfield><subfield code="b">2019-02-15T19:29:32Z</subfield></datafield><datafield tag="DAT" ind1="2" ind2=" "><subfield code="a">2019-02-15T19:00:02Z</subfield></datafield><datafield tag="CAT" ind1=" " ind2=" "><subfield code="a">SDR-MSU</subfield><subfield code="d">SIERRA 1.2.1_7</subfield><subfield code="l">prepare.pl-004-008</subfield></datafield><datafield tag="FMT" ind1=" " ind2=" "><subfield code="a">CF</subfield></datafield><datafield tag="HOL" ind1=" " ind2=" "><subfield code="0">sdr-msu.b40112494</subfield><subfield code="a">msu</subfield><subfield code="b">SDR</subfield><subfield code="c">MSU</subfield><subfield code="p">msu.31293023740404</subfield><subfield code="s">MIEM</subfield><subfield code="1">.b40112494</subfield></datafield><datafield tag="974" ind1=" " ind2=" "><subfield code="b">MIEM</subfield><subfield code="c">MSU</subfield><subfield code="d">20190215</subfield><subfield code="s">google</subfield><subfield code="u">msu.31293023740404</subfield><subfield code="y">2002</subfield><subfield code="r">ic</subfield><subfield code="q">bib</subfield><subfield code="t">non-US bib date1 &gt;= 1927</subfield></datafield><datafield tag="974" ind1=" " ind2=" "><subfield code="b">MIEM</subfield><subfield code="c">MSU</subfield><subfield code="d">20190215</subfield><subfield code="s">google</subfield><subfield code="u">msu.31293023740396</subfield><subfield code="y">2002</subfield><subfield code="r">ic</subfield><subfield code="q">bib</subfield><subfield code="t">non-US bib date1 &gt;= 1927</subfield></datafield></record>